article{a,
	author = "A",
	title  = "A",
	journal= "Nature",
	year   = "200"
} volume, number, pages, month, note, key
book{b,
	author = "B",
	title  = "B",
	publisher= "B",
	year   = "200"
} author or editor, volume, series, address, edition, month, note, key
@manual{lab2,
	title  = "Odometry Lab Instructions",
	organization = "McGill",
	address = "304-211"
} author, edition, month, year, note, key

